
@book{DK98,
	title = "Data Virtualization for Business Intelligence Systems",
	author = "Morgan Kaufmann",
	month= jul,
	year = "2012"
}

